<?xml version="1.0" encoding="UTF-8"?><collection xmlns="http://www.loc.gov/MARC21/slim"><record><leader>00346nam--2200121-i-4500</leader><controlfield tag="001">000021767</controlfield><controlfield tag="002">20161230</controlfield><controlfield tag="005">20161230201034</controlfield><controlfield tag="008">060222s1000------------r-----000-0-eng-d</controlfield><datafield ind1=" " ind2=" " tag="100"><subfield code="a">Jaeger, R.G</subfield></datafield><datafield ind1=" " ind2=" " tag="245"><subfield code="a">Dosimetrie und strahlenschutz. physikalische und technische daten</subfield></datafield><datafield ind1=" " ind2=" " tag="260"><subfield code="a">Stuttgart, Georg Thieme Verlag, 1959, Xi + 282 P</subfield></datafield><datafield ind1=" " ind2=" " tag="852"><subfield code="a">15430</subfield></datafield></record></collection>